<record><leader>00000cas a22000007a 4500</leader><controlfield tag="001">17698836</controlfield><controlfield tag="008">880330d18951897aluwr ne      0    0eng d</controlfield><datafield ind1=" " ind2=" " tag="010"><subfield code="a">sn 88050069 </subfield></datafield><datafield ind1=" " ind2=" " tag="040"><subfield code="a">CPN</subfield><subfield code="b">eng</subfield><subfield code="c">CPN</subfield><subfield code="d">OCLCQ</subfield></datafield><datafield ind1=" " ind2=" " tag="042"><subfield code="a">msc</subfield></datafield><datafield ind1="0" ind2="4" tag="245"><subfield code="a">The Cuba banner.</subfield></datafield><datafield ind1=" " ind2=" " tag="260"><subfield code="a">Cuba Station, Ala. :</subfield><subfield code="b">H.B. Ward,</subfield><subfield code="c">1895-1897.</subfield></datafield><datafield ind1=" " ind2=" " tag="310"><subfield code="a">Weekly</subfield></datafield><datafield ind1="0" ind2=" " tag="362"><subfield code="a">Vol. 1, no. 1 (Aug. 1, 1895)-v. 3, no. 4 (Aug. 26, 1897).</subfield></datafield><datafield ind1=" " ind2=" " tag="752"><subfield code="a">United States</subfield><subfield code="b">Alabama</subfield><subfield code="c">Sumter</subfield><subfield code="d">Cuba.</subfield></datafield><datafield ind1="0" ind2="0" tag="785"><subfield code="t">Sumter banner</subfield><subfield code="w">(DLC)sn 87050299</subfield></datafield></record>